<?xml version="1.0" encoding="UTF-8"?><collection xmlns="http://www.loc.gov/MARC21/slim"><record><leader>00378nam--2200145-i-4500</leader><controlfield tag="001">000010095</controlfield><controlfield tag="002">20161230</controlfield><controlfield tag="005">20170112230704</controlfield><controlfield tag="008">060222s1000------------r-----000-0-eng-d</controlfield><datafield ind1=" " ind2=" " tag="245"><subfield code="a">Water and water pollution handbook</subfield></datafield><datafield ind1=" " ind2=" " tag="260"><subfield code="a">New York</subfield><subfield code="b">Marcel Dekker, Inc</subfield><subfield code="c">1971</subfield></datafield><datafield ind1=" " ind2=" " tag="300"><subfield code="a">IX +/-451-800/p</subfield></datafield><datafield ind1=" " ind2=" " tag="700"><subfield code="a">Ciaccio, Leonard L</subfield></datafield><datafield ind1=" " ind2=" " tag="852"><subfield code="a">36630</subfield></datafield><datafield ind1=" " ind2=" " tag="CAT"><subfield code="a">SYS</subfield><subfield code="c">20170112</subfield><subfield code="h">230704</subfield></datafield></record></collection>